<record><leader>00000cas a2200000 a 4500</leader><controlfield tag="001">22724893</controlfield><controlfield tag="008">901121d19311944caudn ne      0    0eng c</controlfield><datafield ind1=" " ind2=" " tag="010"><subfield code="a">sn 90051954 </subfield></datafield><datafield ind1=" " ind2=" " tag="040"><subfield code="a">CNQ</subfield><subfield code="b">eng</subfield><subfield code="c">CNQ</subfield><subfield code="d">CNK</subfield><subfield code="d">OCLCQ</subfield><subfield code="d">OCLCF</subfield><subfield code="d">OCLCO</subfield></datafield><datafield ind1=" " ind2=" " tag="042"><subfield code="a">pcc</subfield></datafield><datafield ind1=" " ind2=" " tag="043"><subfield code="a">n-us-ca</subfield></datafield><datafield ind1="0" ind2="0" tag="245"><subfield code="a">Hollywood citizen-news.</subfield></datafield><datafield ind1="1" ind2="3" tag="246"><subfield code="a">Hollywood daily citizen</subfield><subfield code="f">Nov. 2-4, 1931</subfield></datafield><datafield ind1="1" ind2="7" tag="246"><subfield code="a">Hollywood advertiser</subfield></datafield><datafield ind1=" " ind2=" " tag="260"><subfield code="a">Hollywood, Calif. :</subfield><subfield code="b">Citizen-News Co.</subfield></datafield><datafield ind1=" " ind2=" " tag="300"><subfield code="a">v.</subfield></datafield><datafield ind1=" " ind2=" " tag="310"><subfield code="a">Daily (except Sun.)</subfield></datafield><datafield ind1="0" ind2=" " tag="362"><subfield code="a">Vol. 27, no. 185 (Nov. 2, 1931)-v. 40, no. 59 (June 8, 1944).</subfield></datafield><datafield ind1=" " ind2="0" tag="651"><subfield code="a">Hollywood (Los Angeles, Calif.)</subfield><subfield code="v">Newspapers.</subfield></datafield><datafield ind1=" " ind2="7" tag="655"><subfield code="a">Newspapers.</subfield><subfield code="2">fast</subfield><subfield code="0">(OCoLC)fst01423814</subfield></datafield><datafield ind1=" " ind2="7" tag="651"><subfield code="a">California</subfield><subfield code="z">Los Angeles</subfield><subfield code="z">Hollywood.</subfield><subfield code="2">fast</subfield><subfield code="0">(OCoLC)fst01312041</subfield></datafield><datafield ind1=" " ind2=" " tag="752"><subfield code="a">United States</subfield><subfield code="b">California</subfield><subfield code="c">Los Angeles</subfield><subfield code="d">Los Angeles.</subfield></datafield><datafield ind1="0" ind2=" " tag="775"><subfield code="t">Hollywood citizen-news (Hollywood, Los Angeles, Calif. : 1931 : Valley ed.)</subfield><subfield code="w">(DLC)sn 99060908</subfield></datafield><datafield ind1="0" ind2="4" tag="780"><subfield code="t">Hollywood news</subfield><subfield code="w">(DLC)sn 96064475</subfield></datafield><datafield ind1="0" ind2="4" tag="780"><subfield code="t">Hollywood daily citizen</subfield><subfield code="w">(DLC)sn 95061523</subfield></datafield><datafield ind1="0" ind2="0" tag="785"><subfield code="t">Citizen-news (Hollywood, Los Angeles, Calif. : 1944)</subfield><subfield code="w">(DLC)sn 99060913</subfield></datafield></record>